@inproceedings{Li2019,
   author = {Li, Minne and Qin, Zhiwei (Tony) and Jiao, Yan and Yang, Yaodong and Gong, Zhichen and Wang, Jun and Wang, Chenxi and Wu, Guobin and Ye, Jieping},
   title = {Efficient Ridesharing Order Dispatching with Mean Field Multi-Agent Reinforcement Learning},
   year = {2019},
   booktitle = {Proceedings of the 2019 World Wide Web Conference (WWWâ€™19),},
   publisher = {ACM, New York, NY, USA},
   DOI = {https://doi.org/10.1145/3308558.3313433},
   type = {Conference Proceedings},
}

@inproceedings{Zhou2019,
   author = {Zhou, Ming and Jin, Jarui and Zhang, Weinan and Qin, Zhiwei and Jiao, Yan and Wang, Chenxi and Wu, Guobin and Yu, Yong and Ye, Jieping},
   title = {Multi-Agent Reinforcement
Learning for Order-dispatching via Order-Vehicle Distribution Matching.},
   year = {2019},
   booktitle = {Proceedings of The 28th ACM International Conference on Information and Knowledge Management,},
   DOI = {https://doi.org/10.1145/3357384.3357799},
   type = {Conference Proceedings}
}

@inproceedings{wang2018deep,
  title={Deep reinforcement learning with knowledge transfer for online rides order dispatching},
  author={Wang, Zhaodong and Qin, Zhiwei and Tang, Xiaocheng and Ye, Jieping and Zhu, Hongtu},
  booktitle={2018 IEEE International Conference on Data Mining (ICDM)},
  pages={617--626},
  year={2018},
  organization={IEEE}
}

@article{claus1998dynamics,
  title={The dynamics of reinforcement learning in cooperative multiagent systems},
  author={Claus, Caroline and Boutilier, Craig},
  journal={AAAI/IAAI},
  volume={1998},
  number={746-752},
  pages={2},
  year={1998}
}

@inproceedings{oda2018movi,
  title={MOVI: A model-free approach to dynamic fleet management},
  author={Oda, Takuma and Joe-Wong, Carlee},
  booktitle={IEEE INFOCOM 2018-IEEE Conference on Computer Communications},
  pages={2708--2716},
  year={2018},
  organization={IEEE}
}

@inproceedings{xu2018large,
  title={Large-scale order dispatch in on-demand ride-hailing platforms: A learning and planning approach},
  author={Xu, Zhe and Li, Zhixin and Guan, Qingwen and Zhang, Dingshui and Li, Qiang and Nan, Junxiao and Liu, Chunyang and Bian, Wei and Ye, Jieping},
  booktitle={Proceedings of the 24th ACM SIGKDD International Conference on Knowledge Discovery \& Data Mining},
  pages={905--913},
  year={2018}
}

@inproceedings{tan1993multi,
  title={Multi-agent reinforcement learning: Independent vs. cooperative agents},
  author={Tan, Ming},
  booktitle={Proceedings of the tenth international conference on machine learning},
  pages={330--337},
  year={1993}
}

@inproceedings{tang2019deep,
  title={A deep value-network based approach for multi-driver order dispatching},
  author={Tang, Xiaocheng and Qin, Zhiwei and Zhang, Fan and Wang, Zhaodong and Xu, Zhe and Ma, Yintai and Zhu, Hongtu and Ye, Jieping},
  booktitle={Proceedings of the 25th ACM SIGKDD international conference on knowledge discovery \& data mining},
  pages={1780--1790},
  year={2019}
}

@article{ke2019optimizing,
  title={Optimizing online matching for ride-sourcing services with multi-agent deep reinforcement learning},
  author={Ke, Jintao and Xiao, Feng and Yang, Hai and Ye, Jieping},
  journal={arXiv preprint arXiv:1902.06228},
  year={2019}
}

@article{gao2018optimize,
  title={Optimize taxi driving strategies based on reinforcement learning},
  author={Gao, Yong and Jiang, Dan and Xu, Yan},
  journal={International Journal of Geographical Information Science},
  volume={32},
  number={8},
  pages={1677--1696},
  year={2018},
  publisher={Taylor \& Francis}
}

@inproceedings{lin2018efficient,
  title={Efficient large-scale fleet management via multi-agent deep reinforcement learning},
  author={Lin, Kaixiang and Zhao, Renyu and Xu, Zhe and Zhou, Jiayu},
  booktitle={Proceedings of the 24th ACM SIGKDD International Conference on Knowledge Discovery \& Data Mining},
  pages={1774--1783},
  year={2018}
}

@article{yang2018mean,
  title={Mean field multi-agent reinforcement learning},
  author={Yang, Yaodong and Luo, Rui and Li, Minne and Zhou, Ming and Zhang, Weinan and Wang, Jun},
  journal={arXiv preprint arXiv:1802.05438},
  year={2018}
}

@article{yang2020multiagent,
  title={Multiagent Reinforcement Learning-Based Taxi Predispatching Model to Balance Taxi Supply and Demand},
  author={Yang, Yongjian and Wang, Xintao and Xu, Yuanbo and Huang, Qiuyang},
  journal={Journal of Advanced Transportation},
  volume={2020},
  year={2020},
  publisher={Hindawi}
}

@article{al2019deeppool,
  title={Deeppool: Distributed model-free algorithm for ride-sharing using deep reinforcement learning},
  author={Al-Abbasi, Abubakr O and Ghosh, Arnob and Aggarwal, Vaneet},
  journal={IEEE Transactions on Intelligent Transportation Systems},
  volume={20},
  number={12},
  pages={4714--4727},
  year={2019},
  publisher={IEEE}
}

@inproceedings{wen2017rebalancing,
  title={Rebalancing shared mobility-on-demand systems: A reinforcement learning approach},
  author={Wen, Jian and Zhao, Jinhua and Jaillet, Patrick},
  booktitle={2017 IEEE 20th International Conference on Intelligent Transportation Systems (ITSC)},
  pages={220--225},
  year={2017},
  organization={IEEE}
}

@article{christianos2020shared,
  title={Shared Experience Actor-Critic for Multi-Agent Reinforcement Learning},
  author={Christianos, Filippos and Sch{\"a}fer, Lukas and Albrecht, Stefano},
  journal={Advances in Neural Information Processing Systems},
  volume={33},
  year={2020}
}